<?xml version="1.0" encoding="UTF-8"?><collection xmlns="http://www.loc.gov/MARC21/slim"><record><leader>00482nam--2200169-i-4500</leader><controlfield tag="001">000021499</controlfield><controlfield tag="002">20161230</controlfield><controlfield tag="005">20161230201034</controlfield><controlfield tag="008">060222s1000------------r-----000-0-eng-d</controlfield><datafield ind1=" " ind2=" " tag="040"><subfield code="a">IFIN-HH</subfield></datafield><datafield ind1=" " ind2=" " tag="080"><subfield code="a">539.1</subfield></datafield><datafield ind1="1" ind2=" " tag="100"><subfield code="a">Heckstall-smith, H.W</subfield></datafield><datafield ind1="1" ind2="0" tag="245"><subfield code="a">The bases of atomic physics</subfield><subfield code="b">Part iii of intermediate electrical theory</subfield><subfield code="c">H.w. heckstall-smith</subfield></datafield><datafield ind1=" " ind2=" " tag="260"><subfield code="a">London</subfield><subfield code="b">J.M.Dent&amp;sons Ltd</subfield><subfield code="c">1956</subfield></datafield><datafield ind1=" " ind2=" " tag="300"><subfield code="a">VII + 679P</subfield></datafield><datafield ind1=" " ind2=" " tag="852"><subfield code="a">12999</subfield><subfield code="c">539</subfield></datafield><datafield ind1=" " ind2=" " tag="CAT"><subfield code="a">Sys</subfield><subfield code="c">20110923</subfield><subfield code="h">130935</subfield></datafield></record></collection>